<collection xmlns="http://www.loc.gov/MARC21/slim">
<record>
  <leader>01489nam0a2200277 i 450 </leader>
  <controlfield tag="001">IT\ICCU\CNCE\077003</controlfield>
  <controlfield tag="005">20150527000000.0</controlfield>
  <datafield tag="012" ind1=" " ind2=" ">
    <subfield code="a">soie t-i- z-do suto (C) 1565 (Q)</subfield>
    <subfield code="2">fei</subfield>
  </datafield>
  <datafield tag="100" ind1=" " ind2=" ">
    <subfield code="a">20111109f1565        0itac0103    ba</subfield>
  </datafield>
  <datafield tag="101" ind1=" " ind2=" ">
    <subfield code="a">ITA</subfield>
  </datafield>
  <datafield tag="102" ind1=" " ind2=" ">
    <subfield code="a">IT</subfield>
  </datafield>
  <datafield tag="200" ind1="1" ind2=" ">
    <subfield code="a">Del significato de colori e de mazzolli. Operetta di Fuluio Pellegrino Morato Mantouano, nuouamente ristampata</subfield>
  </datafield>
  <datafield tag="210" ind1=" " ind2=" ">
    <subfield code="d">\non prima del 1565!</subfield>
    <subfield code="e">In Venetia</subfield>
    <subfield code="g">per Francesco de Tomaso di Sal ̣e compagni in Frezzaria al segno della Fede</subfield>
  </datafield>
  <datafield tag="215" ind1=" " ind2=" ">
    <subfield code="a">\28! c.</subfield>
    <subfield code="d">8ʻ</subfield>
  </datafield>
  <datafield tag="300" ind1=" " ind2=" ">
    <subfield code="a">La data si ricava dall&apos;attivit ̉del tipografo</subfield>
  </datafield>
  <datafield tag="620" ind1=" " ind2=" ">
    <subfield code="a">IT</subfield>
    <subfield code="d">Venezia</subfield>
  </datafield>
  <datafield tag="700" ind1=" " ind2="1">
    <subfield code="a">Morato,</subfield>
    <subfield code="b">Fulvio Pellegrino</subfield>
    <subfield code="3">IT\ICCU\CNCA\006651</subfield>
  </datafield>
  <datafield tag="712" ind1="0" ind2="2">
    <subfield code="a"></subfield>
    <subfield code="c"> &lt;2.&gt;</subfield>
    <subfield code="3">IT\ICCU\CNCT\000433</subfield>
    <subfield code="4">650</subfield>
  </datafield>
  <datafield tag="790" ind1=" " ind2="1">
    <subfield code="a">Moretto,</subfield>
    <subfield code="b">Pellegrino</subfield>
    <subfield code="3">IT\ICCU\CNCA\016872</subfield>
    <subfield code="z">Morato, Fulvio Pellegrino</subfield>
  </datafield>
  <datafield tag="791" ind1="0" ind2="2">
    <subfield code="a">℗al segno della ℗Fede</subfield>
    <subfield code="c"> &lt;1565-1573&gt;</subfield>
    <subfield code="3">IT\ICCU\CNCT\001251</subfield>
    <subfield code="z">Francesco da Sal ̣&lt;2.&gt;</subfield>
  </datafield>
  <datafield tag="791" ind1="0" ind2="0">
    <subfield code="a">Sal,̣ Francesco</subfield>
    <subfield code="c"> &lt;2.&gt; da</subfield>
    <subfield code="3">IT\ICCU\CNCT\003814</subfield>
    <subfield code="z">Francesco da Sal ̣&lt;2.&gt;</subfield>
  </datafield>
  <datafield tag="801" ind1=" " ind2="3">
    <subfield code="a">IT</subfield>
    <subfield code="b">ICCU</subfield>
    <subfield code="c">20201115</subfield>
  </datafield>
  <datafield tag="899" ind1=" " ind2=" ">
    <subfield code="a">Biblioteca Palatina. Parma</subfield>
    <subfield code="1">PR0072</subfield>
    <subfield code="2">PAR PA</subfield>
  </datafield>
  <datafield tag="899" ind1=" " ind2=" ">
    <subfield code="a">Biblioteca universitaria Alessandrina. Roma</subfield>
    <subfield code="1">RM0280</subfield>
    <subfield code="2">RML 01</subfield>
  </datafield>
  <datafield tag="911" ind1=" " ind2=" ">
    <subfield code="a">sul front.</subfield>
    <subfield code="9">IT\ICCU\CNCM\001459</subfield>
  </datafield>
  <datafield tag="921" ind1=" " ind2=" ">
    <subfield code="a">IT\ICCU\CNCM\001459</subfield>
    <subfield code="b">Fede (donna cammina tenendo nella mano destra un calice e reggendo con la sinistra una croce).</subfield>
    <subfield code="e">Senza di me l&apos;huom fassi a Dio ribello</subfield>
    <subfield code="c">U393</subfield>
    <subfield code="d">Dimensioni:7 x 7,5</subfield>
    <subfield code="f">FEDE</subfield>
    <subfield code="f">DONNA</subfield>
    <subfield code="f">CALICE</subfield>
    <subfield code="f">CROCE</subfield>
    <subfield code="f">SENZADIMEL</subfield>
    <subfield code="g">[non prima del 1542]-1573</subfield>
  </datafield>
</record>
</collection>
